
@article{Wil70,
  Title                    = {Optimum solution of model-reduction problem},
  Author                   = {Wilson, D. A. },
  Journal                  = { Proceedings of the Institution of Electrical Engineers },
  Year                     = {1970},
 Volume                = {117},
  Number               = {6},
  pages		     ={1161-1165}
        }
        
 @article{GawJ90,
  Title                    = {Model reduction in limited time and frequency intervals},
  Author                   = { Wodek Gawronski and Jer-Nan Juang },
  Journal                  = { International journal of systems science},
  Year                     = {1990},
 Volume                = {21},
  Number               = {2},
    Pages                    = {349--376},
        }
        
         @article{BoyP11,
author = {Yan, Boyuan and Li, Peng},
year = {2011},
month = {10},
pages = {247-71},
title = {Reduced order modeling of passive and quasi-active dendrites for nervous system simulation},
volume = {31},
journal = {Journal of computational neuroscience},
%doi = {10.1007/s10827-010-0309-5}
}

@article{Sha2003,
author={B. {Shapiro}},
journal={IEEE Transactions on Components and Packaging Technologies},
title={Creating compact models of complex electronic systems: an overview and suggested use of existing model reduction and experimental system identification tools},
year={2003},
volume={26},
number={1},
pages={165-172}, 

}
        
 @misc{RedK17,
  Title                    = {An  $\mathcal{H}_2$-Type Error Bound for Time-Limited Balanced Truncation},
  Author                   = { Martin Redmann and Patrick K\"urschner },
   eprint         = {1710.07572v1},
      archivePrefix  = {arXiv},
  Journal                  ={arXiv preprint 1710.07572v1},
  Year                     = {2017},
 Volume                = {},
Number               = {},
 Pages                    = {},
        }

@techreport{Niconet,
	Author = {Chahlaoui, Y. and Dooren, P. Van},
	Institution = {SLICOT Working Note 2002-2},
	Owner = {roxana},
	Timestamp = {2008.06.04},
	Title = {A collection of benchmark examples for model reduction of linear time invariant dynamical systems},
	Year = {2002},}

@inproceedings{gugercin2001approximation,
  title={Approximation of the International Space Station 1R and 12A models},
  author={Gugercin, S and Antoulas, AC and Bedrossian, N},
  booktitle={Decision and Control, 2001. Proceedings of the 40th IEEE Conference on},
  volume={2},
  pages={1515--1516},
  year={2001},
  organization={IEEE}
}



@misc{Kur17,
  Title                    = {Balanced truncation model order reduction in limited time intervals for large systems},
  Author                   = {Patrick K\"urschner },
 howpublished                  = {Advances in Computational Mathematics},
  Year                     = {2018},
 Volume                = {},
Number               = {},
 Pages                    = {},
    doi =   {10.1007/s10444-018-9608-6},
        }
        

        
        
        

 
 @inproceedings{GugA03,
  title={A time-limited balanced reduction method},
  author= {Serkan Gugercin and Athanasios C. Antoulas},
  booktitle={Proceedings of the 42nd IEEE Conference on Decision and Control},
  pages={},
  year={2003},
  organization={IEEE}
}


   @misc{GoyR17,
	author={Pawan Goyal and Martin Redmann},
	title={Towards Time-Limited $\mathcal{H}_2$-Optimal Model Order Reduction},
	  eprint         = {1712.00301v1},
      archivePrefix  = {arXiv},
	journal={arXiv preprint 1712.00301v1},
	year={2017},
	volume={},
	pages={},
}


@inproceedings{vuillemin2014poles,
  title={Poles residues descent algorithm for optimal frequency-limited $\mathcal{H}_2$ model approximation},
  author={Vuillemin, Pierre and Poussot-Vassal, Charles and Alazard, Daniel},
  booktitle={Control Conference (ECC), 2014 European},
  pages={1080--1085},
  year={2014},
  organization={IEEE}
}


@article{Hal92,
  Title                    = {Frequency Weighted Model Reduction via Optimal Projection},
  Author                   = {Halevi, Y.  },
  Journal                  = {  IEEE Transactions on automatic control},
    Year                     = {1992},
   Volume                = {37},
   Pages			={1537-1542},
  Number               = {10},
        }

@article{BreBG15,
  Title                    = {Near-optimal frequency-weighted interpolatory model reduction},
  Author                   = {Breiten, T. and Beattie, C. and Gugercin, S.  },
  Journal                  = {Systems and Control Letters},
  Year                     = {2015},
 Volume                = {78},
  Pages                    = {8--18},
        }
        
@article{MelVG14,
  Title                    = {Model reduction of linear time-varying systems over finite horizons},
  Author                   = {Melchior, S. A. and Van Dooren, P. and Gallivan, K. A. },
  Journal                  = {Applied Numerical Mathematics},
  Year                     = {2014},
 Volume                = {77},
  Pages                    = {72--81},
        }



@book{Ant05,
	author={A. C. Antoulas},
	title={Approximation of large-scale dynamical systems (Advances in Design and Control)},
	publisher={Society for Industrial and Applied Mathematics},
	year={2005},
	address={Philadelphia, PA, USA},
}


@article{AntBG10a,
  Title                    = {Interpolatory model reduction of large-scale dynamical systems},
  Author                   = {Antoulas, A. C. and Beattie, C. A. and Gugercin, S.},
  Journal                  = {Efficient Modeling and Control of Large-Scale Systems},
  Year                     = {2010},
  Pages                    = {3--58},
  Publisher                = {Springer-Verlag: New York}
}

@incollection{AntBG10b,
	author={A.C. Antoulas and C. Beattie and S. Gugercin},
	title={Interpolatory model reduction of large-scale dynamical systems },
	editor={J. Mohammadpour and K. Grigoriadis},
	publisher={Springer-Verlag},
	year={2010},
	booktitle={Efficient Modeling and Control of Large-Scale Systems},
}




@article{MagBG10,
	author={C. Magruder and C. Beattie and S. Gugercin},
	title={Rational Krylov methods for optimal $\mathcal{L}_2$ model reduction},
	journal={49th IEEE Conference on Decision and Control, Atlanta, GA},
	year={2010},
	volume={},
	pages={},
}

@article{GugBA08,
	author={S. Gugercin and C. Beattie and A. C. Antoulas},
	title={$\mathcal{H}_2$ Model Reduction for Large-scale Linear Dynamical Systems},
	journal={ Siam J. Matrix Anal. Appl. },
	year={2008},
	volume={30(2)},
	pages={609--638},
}




@article{AniBGA13,
	author={B. Ani\`{c} and  C. Beattie and S. Gugercin and A. C. Antoulas},
	title={Interpolatory weighted-$\mathcal{H}_2$ model reduction},
	journal={Automatica },
	year={2013},
	volume={49},
	pages={1275--1280},
}

@article{VarA03,
	author={A. Varga and B. D. O. Anderson},
	title={Accuracy-enhancing methods for balancing related
frequency-weighted model and controller reduction},
	journal={Automatica},
	year={2003},
	volume={39(5)},
	issue={5},
	pages={919--927},
}



@article{MeiL67,
	author={L. Meier and D.G. Luenberger},
	title={Approximation of Linear Constant
Systems},
	journal={IEE. Trans. Automat. Contr.},
	year={1967},
	volume={12},
	pages={585--588},
}


@article{Moo81,
    Author = {Moore, B.},
    Journal = {IEEE Transactions on Automatic Control},
    Number = {1},
    Pages = {17--32},
    Title = {Principal component analysis in linear systems: Controllability, observability, and model reduction},
    Volume = {26},
    Year = {1981}}
    
  
@article{BarS72,
	author={R.H. Bartels and GW Stewart},
	title={Algorithm 432: Solution of the matrix equation AX+XB= C},
	journal={ Communications of the ACM},
	year={1972},
	volume={15(9)},
	pages={820--826},
}


@article{FlaBG12,
	author={G. Flagg and C.A. Beattie and S. Gugercin},
	title={Convergence of the Iterative Rational Krylov Algorithm},
	journal={Systems and Control Letters},
	year={2012},
	volume={61(6)},
	pages={688--691},
}



@article{ReiS08,
  title={Balanced truncation model reduction of second-order systems},
  author={Reis, Timo and Stykel, Tatjana},
  journal={Mathematical and Computer Modelling of Dynamical Systems},
  volume={14},
  number={5},
  pages={391--406},
  year={2008},
  publisher={Taylor \& Francis}
}


@article{GugPBV12,
  title={Structure-preserving tangential interpolation for model reduction of port-Hamiltonian systems},
  author={Gugercin, S. and Polyuga, R.V. and Beattie, C.A. and Van der Schaft, A.},
  journal={Automatica},
  volume={48},
  number={9},
  pages={1963--1974},
  year={2012},
  publisher={Elsevier}
}


@article{PolV11,
author={Polyuga, R.V. and van der Schaft, A.},
journal={Automatic Control, IEEE Transactions on},
title={Structure Preserving Moment Matching for Port-Hamiltonian Systems: Arnoldi and Lanczos},
year={2011},
volume={56},
number={6},
pages={1458-1462},
keywords={reduced order systems;transfer functions;rational Arnoldi method;rational Krylov methods;rational Lanczos method;single-input single-output port-Hamiltonian systems;structure preserving model reduction;structure preserving moment matching;transfer function;Approximation methods;Bandwidth;Conferences;Linear systems;Mathematical model;Reduced order systems;Transfer functions;Model order reduction;port-Hamiltonian systems;rational Krylov methods;structure preservation},
doi={10.1109/TAC.2011.2128650},
ISSN={0018-9286},
month={June},}



@article{SchulU15,
  title={Data-driven interpolation of dynamical systems with delay},
  author={Schulze, Philipp and Unger, Benjamin},
    journal={Preprint-Reihe des Instituts f\"{u}r Mathematik
Technische Universit\"{a}t Berlin, Preprint 17-2015},
  year={2015}
}

@techreport{BeaB14,
 author = {Christopher Beattie and Peter Benner},
title =	{$\mathcal{H}_2$-Optimality Conditions for Structured Dynamical Systems},
number = {MPIMD/14-18},
month =	oct,
year = 2014,
institution = {Max Planck Institute Magdeburg},
type = {Preprint},
note = {Available from \url{http://www.mpi-magdeburg.mpg.de/preprints/}},
}



@article{MayA07,
  title={A framework for the solution of the generalized realization problem},
  author={Mayo, AJ and Antoulas, AC},
  journal={Linear algebra and its applications},
  volume={425},
  number={2},
  pages={634--662},
  year={2007},
  publisher={Elsevier}
}


@incollection{BeaG15,
  author      = {Beattie, C. A. and Gugercin, S.},
  title       = {Model Reduction by rational interpolation},
  editor      =   {Benner, P. and Cohen,  A. and Ohlberger, M. and Willcox, K.},
  booktitle   = {To appear in Model Reduction and Approximation: Theory and Algorithms. Available as http://arxiv.org/abs/1409.2140},
  year        = {2015},
   Publisher  = {SIAM, Philadelphia}
}


@article{Bre15,
  title={Structure-preserving Model Reduction for Integro-differential Equations},
  author={Breiten, T.},
  journal = {Submitted},
  year =  {2015}
}


@incollection{ChaGVV05,
  title={Model reduction of second-order systems},
  author={Chahlaoui, Younes and Gallivan, Kyle A and Vandendorpe, Antoine and Van Dooren, Paul},
  booktitle={Dimension Reduction of Large-Scale Systems},
  pages={149--172},
  year={2005},
  publisher={Springer}
}


@article{MeyS96,
  title={Balancing and model reduction for second-order form linear systems},
  author={Meyer, David G and Srinivasan, Sriram},
  journal={Automatic Control, IEEE Transactions on},
  volume={41},
  number={11},
  pages={1632--1644},
  year={1996},
  publisher={IEEE}
}

@article{SuC91,
  title={Model reduction and control of flexible structures using Krylov vectors},
  author={Su, T.-J. and Craig Jr, R.R.},
    journal={Journal of guidance, control, and dynamics},
  volume={14},
  number={2},
  pages={260--267},
  year={1991}
}





@article{BauBF14,
  title={Model order reduction for linear and nonlinear systems: a system-theoretic perspective},
  author={Baur, U. and Benner, P. and Feng, L.},
  journal={Archives of Computational Methods in Engineering},
  volume={21},
  number={4},
  pages={331--358},
  year={2014},
  publisher={Springer}
}        



@article{BeaG12,
	author={C. Beattie and S. Gugercin},
	title={Realization-independent $\mathcal{H}_2$-approximation},
	journal={51st IEEE Conference on Decision and Control, Maui, HI},
	year={2012},
	volume={},
	pages={},
}



@article{BetHMST11,
	author={T. Betcke and N. J. Higham and V. Mehrmann and C. Shr\"oder and F. Tisseur},
	title={{NLEVP}: A Collection of Nonlinear Eigenvalue
Problems},
	journal={Manchester Institute for Mathematical Sciences},
	year={2011},
	volume={},
	pages={},
}



@article{BeaG09a,
	author={C. Beattie and S. Gugercin},
	title={Interpolatory projection methods for structure-preserving model reduction},
	journal={Systems and Control Letters},
	year={2009},
	volume={58},
	pages={225--232},
}





@article{ZhoSW99,
	author={K. Zhou and G. Salomon and E. Wu},
	title={Balanced Realization and Model Reduction for Unstable Systems},
	journal={Int. J. Robust Nonlinear Control},
	year={1999},
	volume={9},
	pages={183--198},
}

@article{MulR76,
  title={Synthesis of minimum roundoff noise fixed point digital filters},
  author={Mullis, Clifford T and Roberts, Richard and others},
  journal={Circuits and Systems, IEEE Transactions on},
  volume={23},
  number={9},
  pages={551--562},
  year={1976},
  publisher={IEEE}
}



@article{Glo84,
	author={K. Glover},
	title={All optimal Hankel-norm approximations of linear multivariable systems and their $L^{\infty}$-error bounds},
	journal={Internat. J. Control},
	year={1984},
	volume={39(6)},
	pages={1115-1193},
}


@article{Kub09,
	author={D. Kubalinska},
	title={Optimal interpolation-based model reduction},
	journal={Bremen University},
	year={2009},
	volume={},
	pages={},
}

@book{HolLB96,
	author={P. Holmes and J. L. Lumley and G. Berkooz},
	title={Turbulence, coherent
structures, dynamical systems and symmetry (Cambridge Monographs
on Mechanics)},
	publisher={Cambridge University Press},
	year={1996},
	address={Cambridge, UK},
}


@article{Jbi10,
	author={K. Jbilou},
	title={ADI preconditioned Krylov methods for large Lyapunov
matrix equations},
	journal={Linear Algebra and its Applications},
	year={2010},
	volume={432},
	pages={2473--2485},
}

@article{Wya12,
	author={S. Wyatt},
	title={Issues in Interpolatory Model Reduction: Inexact Solves, Second-
order Systems and DAEs},
	journal={PhD Dissertation, Virginia Tech},
	year={2012},
	volume={},
	pages={},
}



@article{BunKVW10,
	author={A. Bunse-Gerstner and D. Kubalinska and G. Vossen and D. Wilczek},
	title={$\mathcal{H}_2$-
norm optimal model reduction for large scale discrete dynamical
MIMO systems},
	journal={Journal of computational and applied mathematics},
	year={2010},
	volume={233(5)},
	pages={1202--1216},
}





@article{KubBVW07,
	author={D. Kubalinska and A. Bunse-Gerstner and G. Vossen and D. Wilczek},
	title={$\mathcal{H}_2$-optimal interpolation based model reduction for large scale systems},
	journal={Proceedings of the 16th International Conference on System Science,
Poland},
	year={2007},
	volume={},
	pages={},
}

@article{Mas09,
	author={T. C. Massey},
	title={A Krylov $\mathcal{H}_2$ optimal reduced order modeling technique
applied to the two-dimensional linearized shallow water equations:
A case study},
	journal={SIAM Conference on Computational Science and
Engineering, Miami, FL},
	year={2009},
	volume={},
	pages={},
}

@article{breiten2013near,
  title={Near-optimal frequency-weighted interpolatory model reduction},
  author={Breiten, T. and Beattie, C.A. and Gugercin, S.},
  journal={Systems \& Control Letters},
  volume={78},
  pages={8--18},
  year={2015},
  publisher={Elsevier}}

@article{VanGA08,
	author={P. van Dooren and K.A. Gallivan and P.A. Absil},
	title={$\mathcal{H}_2$-optimal model reduction
of MIMO systems},
	journal={Applied Mathematics Letters},
	year={2008},
	volume={21(12)},
	pages={1267--1273},
}

@article{RapA15,
	author={P. Rapisarda and A.C. Antoulas},
	title={A duality perspective on Loewner rational interpolation and state-space modelling of vector-exponential trajectories
},
	journal={Proceedings of IEEE-CDC},
	year={2015},
	volume={},
	pages={},
}

@article{RapV13,
	author={P. Rapisarda and A.J. van der Schaft},
	title={Data-driven identification and reduced-order modeling for linear conservative port- and self-adjoint Hamiltonian systems
},
	journal={Proceedings of IEEE-CDC},
	year={2013},
	volume={},
	pages={},
}


@article{BaiS05,
	author={Z. Bai and Y. Su},
	title={Dimension reduction of large-scale second order dynamical
systems via a second-order Arnoldi method},
	journal={SIAM J. Sci. Comput.},
	year={2005},
	volume={26(5)},
	pages={1692--1709},
}

@article{PonPS15,
	author={I. Pontes Duff and C. Poussot-Vassal and C. Seren},
	title={Realization independent single time-delay dynamical model interpolation and $\mathcal{H}_2$-optimal approximation},
	journal={Proceedings of the 54th IEEE Conference on Decision and Control, Atlanta, GA. Also available as arXiv:1504.06457v1},
	year={2015},
}


@inproceedings{beattie2009trust,
  title={A trust region method for optimal $\mathcal{H}_2$ model reduction},
  author={Beattie, Christopher A and Gugercin, Serkan},
  booktitle={Decision and Control, 2009 held jointly with the 2009 28th Chinese Control Conference. CDC/CCC 2009. Proceedings of the 48th IEEE Conference on},
  pages={5370--5375},
  year={2009},
  organization={IEEE}
}


@inproceedings{beattie2012realization,
	Author = {Beattie, C.A. and Gugercin, S.},
	Booktitle = {Proceedings of 51st IEEE Conference on Decision and Control},
	Pages = {4953 -- 4958},
	Title = {Realization-independent  $\mathcal{H}_2$-approximation},
	Year = {2012}}


@article{Ruh73,
	author={A. Ruhe},
	title={Algorithms for the nonlinear eigenvalue problem},
	journal={SIAM J. Numer. Anal.},
	year={1973},
	volume={10},
	pages={674-689},
}
@article{Had67,
	author={K. P. Hadeler},
	title={Mehrparametrige und nichtlineare Eigenwertaufgaben},
	journal={Arch. Rational Mech. Anal.},
	year={1967},
	volume={27(4)},
	pages={306--328},
}

@article{Sol06,
	author={S. I. Solov'\"ev},
	title={Preconditioned iterative methods for a class of nonlinear eigenvalue problems},
	journal={Linear Algebra Appl.},
	year={2006},
	volume={415},
	pages={210--229},
}
@article{BarCO91,
	author={L. Baratchart and M. Cardelli and M.  Olivi},
	title={Identification and rational $\ell_2$ approximation: A gradient algorithm },
	journal={ Automat. },
	year={1991},
	volume={27},
	pages={413-418},
}

@article{BryC90,
	author={A. E. Bryson and A. Carrier},
	title={Second-order algorithm for optimal model order reduction},
	journal={ J. Guidance Control Dynam.},
	year={1990},
	volume={13},
	pages={887-892},
}

@article{FulO90,
	author={P. Fulcheri and M.  Olivi},
	title={Matrix rational $\mathcal{H}_2$ approximation: A gradient algorithm based on Schur analysis},
	journal={ SIAM J. Control Optim.},
	year={1998},
	volume={36},
	pages={2103-2127},
}

@article{HylB85,
	author={D.C. Hyland and D.S. Bernstein},
	title={The optimal projection equations for model reduction and the relationships among the methods of Wilson, Skelton, and Moore},
	journal={ IEEE Trans. Automat. Control,.},
	year={1985},
	volume={30},
	pages={1201-1211},
}

@article{SpaMM92,
	author={J.T. Spanos and M.H. Milman and D.L. Mingori},
	title={A new algorithm for $\mathcal{L}_2$ optimal model reduction},
	journal={Automat.},
	year={1992},
	volume={28},
	pages={897-909},
}

@article{YanL99,
	author={W. Y. Yan and J. Lam},
	title={An approximate approach to $\mathcal{H}_2$ optimal model reduction},
	journal={IEEE Trans. Automat. Control},
	year={1999},
	volume={44},
	pages={1341-1358},
}


@article{gerstner2007hom,
  title={$\mathcal{H}_2$-optimal model reduction for large scale discrete dynamical MIMO systems},
  author={Bunse-Gerstner, Angelika and Kubali{\'n}ska, Dorota and Vossen, Georg and Wilczek, Diane},
  journal={Journal of Computational and Applied Mathematics},
  volume={233},
  number={5},
  pages={1202--1216},
  year={2010},
  publisher={Elsevier}
}


@article{LepMPV91,
	author={A. Lepschy and G.A. Mian and G. Pinato and U. Viaro},
	title={Rational $L_2$ approximation: A nongradient algorithm},
	journal={Proceedings of the 30th IEEE Conference on Decision and Control},
	year={1991},
	pages={2321-2323},
}

@inproceedings{panzer2013,
	Author = {Panzer, H.K.F. and Jaensch, S. and Wolf, T. and Lohmann, B.},
	Booktitle = {American Control Conference (ACC), 2013},
	Pages = {5512-5517},
	Title = {A greedy rational {K}rylov method for $\ch_2$-pseudooptimal model order reduction with preservation of stability},
	Year = {2013}}


@article{CasL18,
author = {Alessandro Castagnotto and Boris Lohmann},
title = {A new framework for $H_2$-optimal model reduction},
journal = {Mathematical and Computer Modelling of Dynamical Systems},
volume = {},
number = {},
pages = {1-22},
year  = {2018},
publisher = {Taylor & Francis},
}

@inproceedings{magruder2010rational,
  title={Rational Krylov methods for optimal $\mathcal{L}_2$ model reduction},
  author={Magruder, Caleb and Beattie, Christopher and Gugercin, Serkan},
  booktitle={Decision and Control (CDC), 2010 49th IEEE Conference on},
  pages={6797--6802},
  year={2010},
  organization={IEEE}
}


@book{gaier1987lectures,
	Address = {Cambridge, MA},
	Author = {Gaier, D.},
	Publisher = {Birkhauser},
	Title = {Lectures on Complex Approximation},
	Year = {1987}}
